@misc{sn-v1,
	doi = {10.1109/cvprw.2018.00223},
  
	url = {https://arxiv.org/abs/1804.04527},
  
	year = 2018,
	month = {jun},
  
	publisher = {{IEEE}
},
  
	author = {Silvio Giancola and Mohieddine Amine and Tarek Dghaily and Bernard Ghanem},
  
	title = {{SoccerNet}: A Scalable Dataset for Action Spotting in Soccer Videos},
  
	booktitle = {2018 {IEEE}/{CVF} Conference on Computer Vision and Pattern Recognition Workshops ({CVPRW})}
}

@misc{sn-v2,
  doi = {10.48550/ARXIV.2011.13367},
  
  url = {https://arxiv.org/abs/2011.13367},
  
  author = {Deliège, Adrien and Cioppa, Anthony and Giancola, Silvio and Seikavandi, Meisam J. and Dueholm, Jacob V. and Nasrollahi, Kamal and Ghanem, Bernard and Moeslund, Thomas B. and Van Droogenbroeck, Marc},
  
  keywords = {Computer Vision and Pattern Recognition (cs.CV), FOS: Computer and information sciences, FOS: Computer and information sciences},
  
  title = {SoccerNet-v2: A Dataset and Benchmarks for Holistic Understanding of Broadcast Soccer Videos},
  
  publisher = {arXiv},
  
  year = {2020},
  
  copyright = {arXiv.org perpetual, non-exclusive license}
}


@misc{netvlad,
  doi = {10.48550/ARXIV.1511.07247},
  
  url = {https://arxiv.org/abs/1511.07247},
  
  author = {Arandjelović, Relja and Gronat, Petr and Torii, Akihiko and Pajdla, Tomas and Sivic, Josef},
  
  keywords = {Computer Vision and Pattern Recognition (cs.CV), Machine Learning (cs.LG), FOS: Computer and information sciences, FOS: Computer and information sciences},
  
  title = {NetVLAD: CNN architecture for weakly supervised place recognition},
  
  publisher = {arXiv},
  
  year = {2015},
  
  copyright = {arXiv.org perpetual, non-exclusive license}
}

@misc{nv++,
  doi = {10.48550/ARXIV.2104.06779},
  
  url = {https://arxiv.org/abs/2104.06779},
  
  author = {Giancola, Silvio and Ghanem, Bernard},
  
  keywords = {Computer Vision and Pattern Recognition (cs.CV), FOS: Computer and information sciences, FOS: Computer and information sciences},
  
  title = {Temporally-Aware Feature Pooling for Action Spotting in Soccer Broadcasts},
  
  publisher = {arXiv},
  
  year = {2021},
  
  copyright = {arXiv.org perpetual, non-exclusive license}
}

@misc{vlad,
    author={Jégou, Hervé and Douze, Matthijs and Schmid, Cordelia and Pérez, Patrick},
    booktitle={2010 IEEE Computer Society Conference on Computer Vision and Pattern Recognition}, 
    title={Aggregating local descriptors into a compact image representation}, 
    year={2010},
    volume={},
    number={},
    pages={3304-3311},
    doi={10.1109/CVPR.2010.5540039}
}

